<?xml version="1.0" encoding="UTF-8"?><collection><record><leader>04963ntm a2200529 a 4500</leader><controlfield tag="001">006837269</controlfield><controlfield tag="003">MiAaHDL</controlfield><controlfield tag="005">20190719000000.0</controlfield><controlfield tag="006">m        d        </controlfield><controlfield tag="007">cr bn ---auaua</controlfield><controlfield tag="008">090709s18uu    xx            00| ||per d</controlfield><datafield tag="035" ind1=" " ind2=" "><subfield code="a">(MiU)006837269</subfield></datafield><datafield tag="035" ind1=" " ind2=" "><subfield code="a">sdr-miu006837269</subfield></datafield><datafield tag="040" ind1=" " ind2=" "><subfield code="a">MiU</subfield><subfield code="c">MiU</subfield><subfield code="e">amremm</subfield></datafield><datafield tag="043" ind1=" " ind2=" "><subfield code="a">n-us-mi</subfield></datafield><datafield tag="245" ind1="0" ind2="0"><subfield code="6">880-03</subfield><subfield code="a">Risālah-i Maṭlūb al-fuqarāʼ va muntakhab-i irshād al-vāṣilīn,</subfield><subfield code="f">[19th century?].</subfield></datafield><datafield tag="246" ind1="3" ind2=" "><subfield code="a">Risālat Maṭlūb al-fuqarāʼ wa-muntakhab irshād al-wāṣilīn</subfield></datafield><datafield tag="246" ind1="3" ind2=" "><subfield code="a">رسالة مطلوب الفقرا ومنتخب ارشاد الواصلين</subfield></datafield><datafield tag="246" ind1="3" ind2=" "><subfield code="i">Title from label on upper board lining:</subfield><subfield code="a">رساله مطلوب الفقرا و منتخب ارشاد الواصلین</subfield></datafield><datafield tag="246" ind1="3" ind2=" "><subfield code="i">Title from upper cover label:</subfield><subfield code="a">رساله مطلوب الفقرا و منتخب ارشاد الواصلین</subfield></datafield><datafield tag="260" ind1=" " ind2=" "><subfield code="c">[18--?].</subfield></datafield><datafield tag="300" ind1=" " ind2=" "><subfield code="a">17 leaves :</subfield><subfield code="b">paper ;</subfield><subfield code="c">17 cm.</subfield></datafield><datafield tag="500" ind1=" " ind2=" "><subfield code="a">Shelfmark: Ann Arbor, University of Michigan, Special Collections Library, Isl. Ms. 875</subfield></datafield><datafield tag="500" ind1=" " ind2=" "><subfield code="a">Origin: Lacks dated colophon ; paper, hand, etc. may suggest 19th century.</subfield></datafield><datafield tag="500" ind1=" " ind2=" "><subfield code="a">Accompanying materials: a. Slip with description in hand of G. Meredith-Owens "MO 7. Risāleh-i Maṭlūb al-fuqarā va Muntakhab-i irshād al-vāṣilīn. A Ṣūfī tract. No date. XIXth century?" -- b. Recycled card with Emilie Savage-Smith [?] notes "Sufi writing" -- c. Slip with note "counted for 1968/69 Annual Report" -- d. Slip with "n. f." [i.e. not found, likely in hand of E. Husselman].</subfield></datafield><datafield tag="500" ind1=" " ind2=" "><subfield code="a">Former shelfmark: Mich. Isl. Ms. temp. no. 24</subfield></datafield><datafield tag="500" ind1=" " ind2=" "><subfield code="a">Binding: Pasteboards covered in teal or blue-green block-printed paper (scrollwork and vegetal designs in brown) with brown paper over spine and board corners (half-binding) ; Western style binding ; board linings in untinted laid paper ; sewn in heavy white thread, three stations ; overall in somewhat poor condition with moisture damage, abrasion, lifting and losses of paper, staining, etc.</subfield></datafield><datafield tag="500" ind1=" " ind2=" "><subfield code="a">Support: non-European (likely Indian or Persian) laid paper with roughly 7 laid lines per cm. (horizontal, somewhat indistinct, curved) and no chain lines plainly visible, thin and transluscent though sturdy, burnished, cream in color ; ink bleed through somewhat obscures text ; opening added leaf carrying table of contents (p.3) in European laid paper with watermark of scrollwork with flanking lion and eagle at center partially visible.</subfield></datafield><datafield tag="500" ind1=" " ind2=" "><subfield code="a">Decoration: Keywords, headings and some symbols (numerals, etc.) rubricated ; written area surrounded by double rule-border in red ; overlining in red.</subfield></datafield><datafield tag="500" ind1=" " ind2=" "><subfield code="a">Script: Nastaʻlīq ; quick hand in a heavy line ; mainly serifless with marked effect of tilt to the right, slight effect of words descending to baseline, elongation of horizontal strokes, freely ligatured, pointing in strokes rather than distinct dots.</subfield></datafield><datafield tag="500" ind1=" " ind2=" "><subfield code="a">Layout: Written mainly in 13 lines per page ; frame-ruled.</subfield></datafield><datafield tag="500" ind1=" " ind2=" "><subfield code="a">Collation: VIII+1 (17) ; catchwords present ; pagination in red ink, Hindu-Arabic numerals ; pagination in pencil, Western numerals, supplied during digitization.</subfield></datafield><datafield tag="500" ind1=" " ind2=" "><subfield code="a">Explicit: "خوردن و خوراندن حرام است این رساله را مطلوب الفقرا و منتخب ارشاد الواصلین نام نهاده شد تمت تمام شد ختم رساله"</subfield></datafield><datafield tag="500" ind1=" " ind2=" "><subfield code="a">Incipit: "الحمد لله رب العالمین والعاقبت للمتقین ... بدان اى درویش که دلق فقیری پوشیدن ..."</subfield></datafield><datafield tag="500" ind1=" " ind2=" "><subfield code="a">Title from rubricated heading at opening on p.6.</subfield></datafield><datafield tag="500" ind1=" " ind2=" "><subfield code="a">Ms. codex.</subfield></datafield><datafield tag="520" ind1="8" ind2=" "><subfield code="a">Careful copy of an anonymous Ṣūfī treatise. Table of contents (فهرست) at opening on p.3.</subfield></datafield><datafield tag="538" ind1=" " ind2=" "><subfield code="a">Mode of access: Internet.</subfield></datafield><datafield tag="541" ind1=" " ind2=" "><subfield code="c">Gift ;</subfield><subfield code="a">Acquired from Frank E. Nuttall (1875-1943).</subfield></datafield><datafield tag="546" ind1=" " ind2=" "><subfield code="a">Persian.</subfield></datafield><datafield tag="561" ind1=" " ind2=" "><subfield code="a">Possible former inventory number in pencil "413" and label with title "رساله مطلوب الفقرا و منتخب ارشاد الواصلين" on upper board lining ; inscription on blank opening leaf (p.1) in pencil "Anonymous. Risâle matlûb al-fuqarâʼ wa muntakhab etc." ; title repeated on blank opening leaf (p.1) and 'title page' (p.5) in brown ink "رساله مطلوب الفقرا و منتخب الواصلین است" ; possible former inventory mark "16" with title "Risâla i maṭlûb-ul-fuqarâ and inscription "Persian. Sufism." on lower boar lining ; fairly clean copy.</subfield></datafield><datafield tag="650" ind1=" " ind2="0"><subfield code="a">Manuscripts, Persian</subfield><subfield code="z">Michigan</subfield><subfield code="z">Ann Arbor.</subfield></datafield><datafield tag="650" ind1=" " ind2="0"><subfield code="a">Sufism</subfield><subfield code="x">Rituals.</subfield></datafield><datafield tag="650" ind1=" " ind2="0"><subfield code="a">Sufism</subfield><subfield code="x">Doctrines.</subfield></datafield><datafield tag="700" ind1="1" ind2=" "><subfield code="a">Nuttall, Frank E.,</subfield><subfield code="d">1875-1943,</subfield><subfield code="e">former owner.</subfield></datafield><datafield tag="773" ind1="0" ind2=" "><subfield code="a">F. E. Nuttall Collection.</subfield></datafield><datafield tag="880" ind1="0" ind2="0"><subfield code="6">245-03/</subfield><subfield code="a">رساله مطلوب الفقراء ومنتخب ارشاد الواصلین,</subfield><subfield code="f">[قرن 19م؟].</subfield></datafield><datafield tag="CID" ind1=" " ind2=" "><subfield code="a">006837269</subfield></datafield><datafield tag="DAT" ind1="0" ind2=" "><subfield code="a">20190719102641.0</subfield><subfield code="b">20190719000000.0</subfield></datafield><datafield tag="DAT" ind1="1" ind2=" "><subfield code="a">20190719090653.0</subfield><subfield code="b">2019-07-19T16:10:56Z</subfield></datafield><datafield tag="DAT" ind1="2" ind2=" "><subfield code="a">2015-09-17T18:00:03Z</subfield></datafield><datafield tag="CAT" ind1=" " ind2=" "><subfield code="a">SDR-MIU</subfield><subfield code="d">EX LIBRIS - ALEPH</subfield><subfield code="l">prepare.pl-004-008</subfield></datafield><datafield tag="FMT" ind1=" " ind2=" "><subfield code="a">BK</subfield></datafield><datafield tag="HOL" ind1=" " ind2=" "><subfield code="0">sdr-miu006837269</subfield><subfield code="a">MiU</subfield><subfield code="b">SDR</subfield><subfield code="c">MIU</subfield><subfield code="p">mdp.39015079132521</subfield><subfield code="s">MIU</subfield><subfield code="1">006837269</subfield></datafield><datafield tag="974" ind1=" " ind2=" "><subfield code="b">MIU</subfield><subfield code="c">MIU</subfield><subfield code="d">20190719</subfield><subfield code="s">lit-dlps-dc</subfield><subfield code="u">mdp.39015079132521</subfield><subfield code="y">1899</subfield><subfield code="r">pd</subfield><subfield code="q">exp</subfield></datafield></record></collection>